[gd_scene load_steps=9 format=2]

[ext_resource path="res://Scenes/Game.gd" type="Script" id=1]
[ext_resource path="res://Scenes/Board.tscn" type="PackedScene" id=2]
[ext_resource path="res://assets/sound/music/Deuces.ogg" type="AudioStream" id=3]
[ext_resource path="res://assets/sound/406__tictacshutup__click-1-d.wav" type="AudioStream" id=4]
[ext_resource path="res://assets/sound/music/blue-ska.ogg" type="AudioStream" id=5]
[ext_resource path="res://assets/sound/music/robobozo.ogg" type="AudioStream" id=6]
[ext_resource path="res://assets/fonts/DejaVuSans.ttf" type="DynamicFontData" id=7]

[sub_resource type="DynamicFont" id=1]

size = 64
use_mipmaps = false
use_filter = false
font_data = ExtResource( 7 )
_sections_unfolded = [ "Font", "Settings" ]

[node name="Game" type="Node" index="0"]

script = ExtResource( 1 )

[node name="Board" parent="." index="0" instance=ExtResource( 2 )]

[node name="Music" type="AudioStreamPlayer" parent="." index="1"]

stream = ExtResource( 3 )
volume_db = 0.0
pitch_scale = 1.0
autoplay = true
mix_target = 0
bus = "Master"

[node name="Click" type="AudioStreamPlayer" parent="." index="2"]

stream = ExtResource( 4 )
volume_db = 0.0
pitch_scale = 1.0
autoplay = false
mix_target = 0
bus = "Master"

[node name="Fanfare" type="AudioStreamPlayer" parent="." index="3"]

stream = ExtResource( 5 )
volume_db = 0.0
pitch_scale = 1.0
autoplay = false
mix_target = 0
bus = "Master"

[node name="Tie" type="AudioStreamPlayer" parent="." index="4"]

stream = ExtResource( 6 )
volume_db = 0.0
pitch_scale = 1.0
autoplay = false
mix_target = 0
bus = "Master"

[node name="Wins" type="Label" parent="." index="5"]

visible = false
anchor_left = 0.0
anchor_top = 0.0
anchor_right = 0.0
anchor_bottom = 0.0
margin_left = 245.0
margin_top = 239.0
margin_right = 416.0
margin_bottom = 315.0
rect_pivot_offset = Vector2( 0, 0 )
rect_clip_content = false
mouse_filter = 2
mouse_default_cursor_shape = 0
size_flags_horizontal = 1
size_flags_vertical = 4
custom_fonts/font = SubResource( 1 )
text = "WINS"
percent_visible = 1.0
lines_skipped = 0
max_lines_visible = -1
_sections_unfolded = [ "custom_fonts" ]

[node name="X" type="Label" parent="Wins" index="0"]

visible = false
anchor_left = 0.0
anchor_top = 0.0
anchor_right = 0.0
anchor_bottom = 0.0
margin_left = -62.0
margin_top = -1.0
margin_right = 109.0
margin_bottom = 75.0
rect_pivot_offset = Vector2( 0, 0 )
rect_clip_content = false
mouse_filter = 2
mouse_default_cursor_shape = 0
size_flags_horizontal = 1
size_flags_vertical = 4
custom_fonts/font = SubResource( 1 )
text = "X"
percent_visible = 1.0
lines_skipped = 0
max_lines_visible = -1
_sections_unfolded = [ "custom_fonts" ]

[node name="O" type="Label" parent="Wins" index="1"]

visible = false
anchor_left = 0.0
anchor_top = 0.0
anchor_right = 0.0
anchor_bottom = 0.0
margin_left = -62.0
margin_top = -1.0
margin_right = 109.0
margin_bottom = 75.0
rect_pivot_offset = Vector2( 0, 0 )
rect_clip_content = false
mouse_filter = 2
mouse_default_cursor_shape = 0
size_flags_horizontal = 1
size_flags_vertical = 4
custom_fonts/font = SubResource( 1 )
text = "O"
percent_visible = 1.0
lines_skipped = 0
max_lines_visible = -1
_sections_unfolded = [ "custom_fonts" ]

[node name="Tied" type="Label" parent="." index="6"]

visible = false
anchor_left = 0.0
anchor_top = 0.0
anchor_right = 0.0
anchor_bottom = 0.0
margin_left = 245.0
margin_top = 239.0
margin_right = 416.0
margin_bottom = 315.0
rect_pivot_offset = Vector2( 0, 0 )
rect_clip_content = false
mouse_filter = 2
mouse_default_cursor_shape = 0
size_flags_horizontal = 1
size_flags_vertical = 4
custom_fonts/font = SubResource( 1 )
text = "TIE"
percent_visible = 1.0
lines_skipped = 0
max_lines_visible = -1
_sections_unfolded = [ "custom_fonts" ]

[node name="Reset" type="Label" parent="." index="7"]

visible = false
anchor_left = 0.0
anchor_top = 0.0
anchor_right = 0.0
anchor_bottom = 0.0
margin_left = 36.0
margin_top = 434.0
margin_right = 536.0
margin_bottom = 510.0
rect_pivot_offset = Vector2( 0, 0 )
rect_clip_content = false
mouse_filter = 2
mouse_default_cursor_shape = 0
size_flags_horizontal = 1
size_flags_vertical = 4
custom_fonts/font = SubResource( 1 )
text = "Press R to reset"
percent_visible = 1.0
lines_skipped = 0
max_lines_visible = -1
_sections_unfolded = [ "custom_fonts" ]


